@article{finland_indepth,
    author = {Toni Taipalus},
    title  = {A Survey and Comparison of Relational and Non-Relational Database},
    year   = {2023},
    url    = {https://doi.org/10.1016/j.jss.2023.111872}
}

@article{indian_overview,
    author = {Nishtha Jatana and Sahil Puri and Mehak Ahuja and Ishita Kathuria and Dishant Gosain},
    title  = {A Survey and Comparison of Relational and Non-Relational Database},
    year   = {2012}
}
