@online{avl_tree_wikipedia,
    author = {Unknown},
    title  = {AVL tree},
    year   = {2023},
    url    = {https://en.wikipedia.org/wiki/AVL_tree},
    urldate = {2024-10-1}
}

@article{boeing_engineers,
    author = {R. Bayer and E. McCreight},
    title  = {Organization and Maintenance of large ordered Indices},
    year   = {1970},
    url    = {https://dl.acm.org/doi/10.1145/1734663.1734671}
}

@article{indian_overview,
    author = {Nishtha Jatana and Sahil Puri and Mehak Ahuja and Ishita Kathuria and Dishant Gosain},
    title  = {A Survey and Comparison of Relational and Non-Relational Database},
    year   = {2012}
}

@online{sql_ideas,
    author  = {D. Richard Hipp},
    title   = {How SQL Database Engines Work},
    year    = {2008},
    url     = {https://www.youtube.com/watch?v=Z_cX3bzkExE},
    urldate = {2023-12-28}
}